 @misc{mwiti_2021, title={10 real-life applications of reinforcement learning}, url={https://neptune.ai/blog/reinforcement-learning-applications}, journal={neptune.ai}, author={Mwiti, Derrick}, year={2021}, month={Nov}} 
 
@article{10.1613/jair.1.12360,
author = {Whittlestone, Jess and Arulkumaran, Kai and Crosby, Matthew},
title = {The Societal Implications of Deep Reinforcement Learning},
year = {2021},
issue_date = {May 2021},
publisher = {AI Access Foundation},
address = {El Segundo, CA, USA},
volume = {70},
issn = {1076-9757},
url = {https://doi.org/10.1613/jair.1.12360},
doi = {10.1613/jair.1.12360},
journal = {J. Artif. Int. Res.},
month = {may},
pages = {1003–1030},
numpages = {28}
}


@inproceedings{SchiffBBL20,
  title = {What's Next for AI Ethics, Policy, and Governance? A Global Overview},
  author = {Daniel Schiff and Justin Biddle and Jason Borenstein and Kelly Laas},
  year = {2020},
  doi = {10.1145/3375627.3375804},
  url = {https://doi.org/10.1145/3375627.3375804},
  researchr = {https://researchr.org/publication/SchiffBBL20},
  cites = {0},
  citedby = {0},
  pages = {153-158},
  booktitle = {AIES '20: AAAI/ACM Conference on AI, Ethics, and Society, New York, NY, USA, February 7-8, 2020},
  editor = {Annette N. Markham and Julia Powles and Toby Walsh and Anne L. Washington},
  publisher = {ACM},
  isbn = {978-1-4503-7110-0},
}

@article{DBLP:journals/corr/abs-2104-05565,
  author    = {V{\'{\i}}ctor Uc{-}Cetina and
               Nicol{\'{a}}s Navarro{-}Guerrero and
               Anabel Mart{\'{\i}}n{-}Gonz{\'{a}}lez and
               Cornelius Weber and
               Stefan Wermter},
  title     = {Survey on reinforcement learning for language processing},
  journal   = {CoRR},
  volume    = {abs/2104.05565},
  year      = {2021},
  url       = {https://arxiv.org/abs/2104.05565},
  eprinttype = {arXiv},
  eprint    = {2104.05565},
  timestamp = {Sat, 09 Apr 2022 12:27:10 +0200},
  biburl    = {https://dblp.org/rec/journals/corr/abs-2104-05565.bib},
  bibsource = {dblp computer science bibliography, https://dblp.org}
}

@book{Sutton1998,
  added-at = {2019-07-13T10:11:53.000+0200},
  author = {Sutton, Richard S. and Barto, Andrew G.},
  biburl = {https://www.bibsonomy.org/bibtex/2f46601cf8b13d39d1378af0d79438b12/lanteunis},
  edition = {Second},
  interhash = {ac6b144aaec1819919a2fba9f705c852},
  intrahash = {f46601cf8b13d39d1378af0d79438b12},
  keywords = {},
  publisher = {The MIT Press},
  timestamp = {2019-07-13T10:11:53.000+0200},
  title = {Reinforcement Learning: An Introduction},
  url = {http://incompleteideas.net/book/RLbook2020.pdf},
  year = {2018 }
}

@article{DBLP:journals/corr/abs-1805-12298,
  author    = {Omer Gottesman and
               Fredrik D. Johansson and
               Joshua Meier and
               Jack Dent and
               Donghun Lee and
               Srivatsan Srinivasan and
               Linying Zhang and
               Yi Ding and
               David Wihl and
               Xuefeng Peng and
               Jiayu Yao and
               Isaac Lage and
               Christopher Mosch and
               Li{-}Wei H. Lehman and
               Matthieu Komorowski and
               Aldo Faisal and
               Leo Anthony Celi and
               David A. Sontag and
               Finale Doshi{-}Velez},
  title     = {Evaluating Reinforcement Learning Algorithms in Observational Health
               Settings},
  journal   = {CoRR},
  volume    = {abs/1805.12298},
  year      = {2018},
  url       = {http://arxiv.org/abs/1805.12298},
  eprinttype = {arXiv},
  eprint    = {1805.12298},
  timestamp = {Fri, 15 Nov 2019 17:16:01 +0100},
  biburl    = {https://dblp.org/rec/journals/corr/abs-1805-12298.bib},
  bibsource = {dblp computer science bibliography, https://dblp.org}
}

@article{Bender2021OnTD,
  title={On the Dangers of Stochastic Parrots: Can Language Models Be Too Big? ��},
  author={Emily M. Bender and Timnit Gebru and Angelina McMillan-Major and Shmargaret Shmitchell},
  journal={Proceedings of the 2021 ACM Conference on Fairness, Accountability, and Transparency},
  year={2021}
}

 @misc{frye_2021, url={https://faculty.ai/blog/the-dangers-of-reinforcement-learning-in-the-real-world/}, journal={The dangers of reinforcement learning in the real world}, publisher={Faculty}, author={Frye, Chris}, year={2021}, month={Jul}} 